
@Article{	  li09:seq,
  author	= {Li, H. and Handsaker, B. and Wysoker, A. and Fennell, T.
		  and Ruan, J. and Homer, N. and Marth, G. and Abecasis, G.
		  and Durbin, R. and {1000 Genome Project Data Processing
		  Subgroup}},
  title		= {The sequence alignment/map format and {SAM}tools},
  journal	= {Bioinformatics},
  year		= 2009,
  key		= 1230,
  volume	= 25,
  pages		= {2078--2079}
}
@Article{ode16:hot,
  author = 	 {Odenthal-Hesse, L. and Dutheil, J. Y. and Kl\"otzl, F. and Haubold, B.},
  title = 	 {\texttt{hotspot}: {S}oftware to support sperm-typing for investigating recombination hotspots},
  journal = 	 {Bioinformatics},
  year = 	 2016,
  volume =       32,
  pages =        {2554--2555},
  doi =          {10.1093/bioinformatics/btw195}
}

@Article{	  li10:tab,
  author	= {Li, H.},
  title		= {Tabix: fast retrieval of sequence features from generic
		  {TAB}-delimited files},
  journal	= {Bioinformatics},
  year		= 2010,
  key		= 1442,
  volume	= 27,
  pages		= {718--719}
}
